<record><leader>00000cas a22000007a 4500</leader><controlfield tag="001">37513862</controlfield><controlfield tag="008">970822u1uuuuuuumeuwn ne      0    0eng d</controlfield><datafield ind1=" " ind2=" " tag="010"><subfield code="a">sn 97062739 </subfield></datafield><datafield ind1=" " ind2=" " tag="040"><subfield code="a">MBN</subfield><subfield code="b">eng</subfield><subfield code="c">MBN</subfield><subfield code="d">OCLCQ</subfield><subfield code="d">OCLCF</subfield><subfield code="d">OCLCO</subfield></datafield><datafield ind1="1" ind2=" " tag="029"><subfield code="a">AU@</subfield><subfield code="b">000013434800</subfield></datafield><datafield ind1=" " ind2=" " tag="042"><subfield code="a">msc</subfield></datafield><datafield ind1=" " ind2=" " tag="043"><subfield code="a">n-us-me</subfield></datafield><datafield ind1="0" ind2=" " tag="130"><subfield code="a">Mainsail (Kennebunkport, Me.)</subfield></datafield><datafield ind1="1" ind2="4" tag="245"><subfield code="a">The mainsail.</subfield></datafield><datafield ind1=" " ind2=" " tag="260"><subfield code="a">Kennebunkport, Me. :</subfield><subfield code="b">[s.n.]</subfield></datafield><datafield ind1=" " ind2=" " tag="300"><subfield code="a">v.</subfield></datafield><datafield ind1=" " ind2=" " tag="310"><subfield code="a">Weekly (in season)</subfield></datafield><datafield ind1=" " ind2=" " tag="588"><subfield code="a">Description based on: (Aug. 9, 1933).</subfield></datafield><datafield ind1=" " ind2="0" tag="651"><subfield code="a">Kennebunkport (Me.)</subfield><subfield code="v">Newspapers.</subfield></datafield><datafield ind1=" " ind2="7" tag="655"><subfield code="a">Newspapers.</subfield><subfield code="2">fast</subfield><subfield code="0">(OCoLC)fst01423814</subfield></datafield><datafield ind1=" " ind2="7" tag="651"><subfield code="a">Maine</subfield><subfield code="z">Kennebunkport.</subfield><subfield code="2">fast</subfield><subfield code="0">(OCoLC)fst01206686</subfield></datafield><datafield ind1=" " ind2=" " tag="752"><subfield code="a">United States</subfield><subfield code="b">Maine</subfield><subfield code="c">York</subfield><subfield code="d">Kennebunkport.</subfield></datafield></record>